@article{young_organic_2016,
 author = {Young, Margaret and Suddard-Bangsund, John and Patrick, Tyler J. and Pajares, Natalia and Traverse, Christopher J. and Barr, Miles C. and Lunt, Sophia Y. and Lunt, Richard R.},
 doi = {10.1002/adom.201600102},
 file = {Snapshot:/Users/jsb/Zotero/storage/FW5WA6WF/abstract.html:text/html;Young et al_2016_Advanced Optical Materials_Organic Heptamethine Salts for Photovoltaics and Detectors with Near-Infrared.pdf:C\:\\Users\\JSB\\Google Drive\\Papers-Zotfile\_\\Young et al_2016_Advanced Optical Materials_Organic Heptamethine Salts for Photovoltaics and Detectors with Near-Infrared.pdf:application/pdf;Young et al_2016_Advanced Optical Materials_Organic Heptamethine Salts for Photovoltaics and Detectors with Near-Infrared.pdf:C\:\\Users\\JSB\\Google Drive\\Papers-Zotfile\\CV\\Young et al_2016_Advanced Optical Materials_Organic Heptamethine Salts for Photovoltaics and Detectors with Near-Infrared.pdf:application/pdf},
 issn = {2195-1071},
 journal = {Advanced Optical Materials},
 keywords = {energy level tuning, near-infrared solar harvesting, organic salts, transparent solar cells, exciton binding energy},
 language = {en},
 month = {jul},
 number = {7},
 pages = {1028--1033},
 title = {Organic Heptamethine Salts for Photovoltaics and Detectors with Near-Infrared Photoresponse up to 1600 nm},
 url = {http://onlinelibrary.wiley.com/doi/10.1002/adom.201600102/abstract},
 urldate = {2018-02-14},
 volume = {4},
 year = {2016}
}

